
@article{agarwal2014reliable,
  title={A reliable effective terascale linear learning system},
  author={Agarwal, Alekh and Chapelle, Olivier and Dud{\'\i}k, Miroslav and Langford, John},
  journal={The Journal of Machine Learning Research},
  volume={15},
  number={1},
  pages={1111--1133},
  year={2014},
  publisher={JMLR. org}
}


@article{duchi2011adaptive,
  title={Adaptive subgradient methods for online learning and stochastic optimization},
  author={Duchi, John and Hazan, Elad and Singer, Yoram},
  journal={The Journal of Machine Learning Research},
  volume={12},
  pages={2121--2159},
  year={2011},
  publisher={JMLR. org}
}

@article{mcmahan2010adaptive,
  title={Adaptive Bound Optimization for Online Convex Optimization},
  author={McMahan, H Brendan and Streeter, Matthew},
  journal={COLT 2010},
  pages={244},
  year={2010},
  publisher={Citeseer}
}

@inproceedings{beygelzimer2009error,
  title={Error-correcting tournaments},
  author={Beygelzimer, Alina and Langford, John and Ravikumar, Pradeep},
  booktitle={Algorithmic Learning Theory},
  pages={247--262},
  year={2009},
  organization={Springer}
}


@article{hardt2015train,
  title={Train faster, generalize better: Stability of stochastic gradient descent},
  author={Hardt, Moritz and Recht, Benjamin and Singer, Yoram},
  journal={arXiv preprint arXiv:1509.01240},
  year={2015}
}



@inproceedings{quon2009mixture,
  title={A mixture model for the evolution of gene expression in non-homogeneous datasets},
  author={Quon, Gerald and Teh, Yee W and Chan, Esther and Hughes, Timothy and Brudno, Michael and Morris, Quaid D},
  booktitle={Advances in Neural Information Processing Systems},
  pages={1297--1304},
  year={2009}
}


@inproceedings{hernandez2008regulator,
  title={Regulator discovery from gene expression time series of malaria parasites: a hierachical approach},
  author={Hern{\'a}ndez-Lobato, Jos{\'e} M and Dijkstra, Tjeerd and Heskes, Tom},
  booktitle={Advances in neural information processing systems},
  pages={649--656},
  year={2008}
}

@inproceedings{vinson2006comparative,
  title={Comparative gene prediction using conditional random fields},
  author={Vinson, Jade P and DeCaprio, David and Pearson, Matthew D and Luoma, Stacey and Galagan, James E},
  booktitle={Advances in Neural Information Processing Systems},
  pages={1441--1448},
  year={2006}
}
